@misc{von1948,
  title={The general and logical theory of automata, Papers of John von Neumann on Computing and Computer Theory},
  author={Von Neumann, J},
  year={1948},
  publisher={The MIT Press, Cambridge}
}

@inproceedings{games1970fantastic,
  title={The fantastic combinations of John Conway’s new solitaire game “life” by Martin Gardner},
  author={Games, Mathematical},
  journal={Scientific American},
  volume={223},
  pages={120--123},
  year={1970}
}

@article{nagel1992cellular,
  title={A cellular automaton model for freeway traffic},
  author={Nagel, Kai and Schreckenberg, Michael},
  journal={Journal de physique I},
  volume={2},
  number={12},
  pages={2221--2229},
  year={1992},
  publisher={EDP Sciences}
}

@article{rickert1996two,
  title={Two lane traffic simulations using cellular automata},
  author={Rickert, Marcus and Nagel, Kai and Schreckenberg, Michael and Latour, Andreas},
  journal={Physica A: Statistical Mechanics and its Applications},
  volume={231},
  number={4},
  pages={534--550},
  year={1996},
  publisher={Elsevier}
}

@article{wu2005study,
  title={Study of traffic flow at an unsignalized T-shaped intersection by cellular automata model},
  author={Wu, Q-S and Li, X-B and Hu, M-B and Jiang, R},
  journal={The European Physical Journal B-Condensed Matter and Complex Systems},
  volume={48},
  number={2},
  pages={265--269},
  year={2005},
  publisher={Springer}
}

@article{li2009cellular,
  title={Cellular automata model for unsignalized T-shaped intersection},
  author={Li, Xin-Gang and Gao, Zi-You and Jia, Bin and Zhao, Xiao-Mei},
  journal={International Journal of Modern Physics C},
  volume={20},
  number={04},
  pages={501--512},
  year={2009},
  publisher={World Scientific}
}

@article{marzoug2014cellular,
  title={Cellular automata traffic flow behavior at the intersection of two roads},
  author={Marzoug, R and Ez-Zahraouy, H and Benyoussef, A},
  journal={Physica Scripta},
  volume={89},
  number={6},
  pages={065002},
  year={2014},
  publisher={IOP Publishing}
}

@inproceedings{campari2004cellular,
  title={Cellular automata and roundabout traffic simulation},
  author={Campari, Enrico G and Levi, Giuseppe and Maniezzo, Vittorio},
  booktitle={International Conference on Cellular Automata},
  pages={202--210},
  year={2004},
  organization={Springer}
}

@inproceedings{wang2005realistic,
  title={A realistic cellular automata model to simulate traffic flow at urban roundabouts},
  author={Wang, Ruili and Liu, Mingzhe},
  booktitle={International Conference on Computational Science},
  pages={420--427},
  year={2005},
  organization={Springer}
}

%
%
%

@inproceedings{kour2014real,
  title={Real-time segmentation of on-line handwritten arabic script},
  author={Kour, George and Saabne, Raid},
  booktitle={Frontiers in Handwriting Recognition (ICFHR), 2014 14th International Conference on},
  pages={417--422},
  year={2014},
  organization={IEEE}
}

@inproceedings{kour2014fast,
  title={Fast classification of handwritten on-line Arabic characters},
  author={Kour, George and Saabne, Raid},
  booktitle={Soft Computing and Pattern Recognition (SoCPaR), 2014 6th International Conference of},
  pages={312--318},
  year={2014},
  organization={IEEE}
}

@article{hadash2018estimate,
  title={Estimate and Replace: A Novel Approach to Integrating Deep Neural Networks with Existing Applications},
  author={Hadash, Guy and Kermany, Einat and Carmeli, Boaz and Lavi, Ofer and Kour, George and Jacovi, Alon},
  journal={arXiv preprint arXiv:1804.09028},
  year={2018}
}